<?xml version="1.0" encoding="UTF-8"?>
<?xml-stylesheet type="text/xsl" href="http://invenio.nusl.cz/css/oai2.xsl.v1.0" ?>
<OAI-PMH xmlns="http://www.openarchives.org/OAI/2.0/" xmlns:xsi="http://www.w3.org/2001/XMLSchema-instance" xsi:schemaLocation="http://www.openarchives.org/OAI/2.0/ http://www.openarchives.org/OAI/2.0/OAI-PMH.xsd">
<responseDate>2019-06-29T19:38:22Z</responseDate><request verb="GetRecord" metadataPrefix="marcxml" identifier="oai:invenio.nusl.cz:374067">http://invenio.nusl.cz/oai2d</request><GetRecord>
<record><header><identifier>oai:invenio.nusl.cz:374067</identifier><datestamp>2018-04-06T14:29:12Z</datestamp><setSpec>global</setSpec></header><metadata><marc:record xmlns:marc="http://www.loc.gov/MARC21/slim" xmlns:xsi="http://www.w3.org/2001/XMLSchema-instance" xsi:schemaLocation="http://www.loc.gov/MARC21/slim http://www.loc.gov/standards/marcxml/schema/MARC21slim.xsd" type="Bibliographic">
     <marc:leader>00000coc  2200000uu 4500</marc:leader>
  <marc:controlfield tag="001">374067</marc:controlfield>
  <marc:controlfield tag="005">20180406172841.0</marc:controlfield>
  <marc:datafield tag="035" ind1=" " ind2=" ">
    <marc:subfield code="a">oai:asep.lib.cas.cz:CavUnEpca/0488801</marc:subfield>
  </marc:datafield>
  <marc:datafield tag="041" ind1="0" ind2="7">
    <marc:subfield code="a">cze</marc:subfield>
  </marc:datafield>
  <marc:datafield tag="046" ind1=" " ind2=" ">
    <marc:subfield code="k">2017</marc:subfield>
  </marc:datafield>
  <marc:datafield tag="245" ind1="0" ind2="0">
    <marc:subfield code="a">Odborná zpráva o postupu prací a dosažených výsledcích za období 2014 - 2017 v rámci projektu TA04011345</marc:subfield>
    <marc:subfield code="b">Annual report on the progress and achievements for the years 2014 - 2017 within the project TA04011345</marc:subfield>
  </marc:datafield>
  <marc:datafield tag="300" ind1=" " ind2=" ">
    <marc:subfield code="a">124 s.</marc:subfield>
  </marc:datafield>
  <marc:datafield tag="520" ind1=" " ind2=" ">
    <marc:subfield code="a">Zpráva shrnuje postupy realizace projektu TA04011345 Cévní protézy o malém průměru osídlované endotelovými a kmenovými buňkami kostní dřeně v bioreaktoru v rámci etap 2014 - 2017. Závěrečná zpráva k projektu.</marc:subfield>
    <marc:subfield code="9">cze</marc:subfield>
  </marc:datafield>
  <marc:datafield tag="520" ind1=" " ind2=" ">
    <marc:subfield code="a">Annual report sums the progress and achievements for the years 2014 - 2017 within the project TA04011345</marc:subfield>
    <marc:subfield code="9">eng</marc:subfield>
  </marc:datafield>
  <marc:datafield tag="653" ind1="0" ind2=" ">
    <marc:subfield code="a">annual report TACR</marc:subfield>
  </marc:datafield>
  <marc:datafield tag="655" ind1="7" ind2=" ">
    <marc:subfield code="a">Výzkumné zprávy</marc:subfield>
    <marc:subfield code="2">NUŠL typ dokumentu</marc:subfield>
  </marc:datafield>
  <marc:datafield tag="720" ind1=" " ind2=" ">
    <marc:subfield code="a">Hrůzová, D.</marc:subfield>
  </marc:datafield>
  <marc:datafield tag="720" ind1=" " ind2=" ">
    <marc:subfield code="i">Matějka, R.</marc:subfield>
  </marc:datafield>
  <marc:datafield tag="720" ind1=" " ind2=" ">
    <marc:subfield code="i">Rosina, J.</marc:subfield>
  </marc:datafield>
  <marc:datafield tag="720" ind1=" " ind2=" ">
    <marc:subfield code="i">Zárubová, Jana</marc:subfield>
  </marc:datafield>
  <marc:datafield tag="720" ind1=" " ind2=" ">
    <marc:subfield code="i">Filová, Elena</marc:subfield>
  </marc:datafield>
  <marc:datafield tag="856" ind1="4" ind2="0">
    <marc:subfield code="z">Odkaz na původní záznam</marc:subfield>
    <marc:subfield code="u">http://hdl.handle.net/11104/0283335</marc:subfield>
  </marc:datafield>
  <marc:datafield tag="856" ind1="4" ind2="0">
    <marc:subfield code="u">http://www.nusl.cz/ntk/nusl-374067</marc:subfield>
    <marc:subfield code="z">PID NUŠL</marc:subfield>
  </marc:datafield>
  <marc:datafield tag="909" ind1="C" ind2="O">
    <marc:subfield code="o">oai:invenio.nusl.cz:374067</marc:subfield>
    <marc:subfield code="p">global</marc:subfield>
  </marc:datafield>
  <marc:datafield tag="970" ind1=" " ind2=" ">
    <marc:subfield code="a">0488801</marc:subfield>
  </marc:datafield>
  <marc:datafield tag="980" ind1=" " ind2=" ">
    <marc:subfield code="a">vyzkumne_zpravy</marc:subfield>
  </marc:datafield>
  <marc:datafield tag="996" ind1=" " ind2=" ">
    <marc:subfield code="a">Dokument je dostupný v příslušném ústavu Akademie věd ČR.</marc:subfield>
    <marc:subfield code="b">Fulltext is available at the institute of the Academy of Sciences.</marc:subfield>
  </marc:datafield>
  <marc:datafield tag="998" ind1=" " ind2=" ">
    <marc:subfield code="a">fyziologicky_ustav</marc:subfield>
  </marc:datafield>
  <marc:datafield tag="999" ind1="C" ind2="1">
    <marc:subfield code="a">TA04011345</marc:subfield>
  </marc:datafield>
  <marc:datafield tag="999" ind1="C" ind2="2">
    <marc:subfield code="a">GA TA ČR</marc:subfield>
  </marc:datafield>
</marc:record>
</metadata></record></GetRecord>
</OAI-PMH>

